<record><leader>00000cas a2200000 a 4500</leader><controlfield tag="001">22620370</controlfield><controlfield tag="008">901102c19909999caudn ne      0   a0eng c</controlfield><datafield ind1=" " ind2=" " tag="010"><subfield code="a">sn 91004403 </subfield></datafield><datafield ind1=" " ind2=" " tag="040"><subfield code="a">CUZ</subfield><subfield code="b">eng</subfield><subfield code="c">CUZ</subfield><subfield code="d">NSD</subfield><subfield code="d">OCLCQ</subfield><subfield code="d">CNK</subfield><subfield code="d">OCLCF</subfield><subfield code="d">OCLCO</subfield></datafield><datafield ind1=" " ind2=" " tag="012"><subfield code="m">1</subfield></datafield><datafield ind1="0" ind2=" " tag="022"><subfield code="a">1059-2636</subfield><subfield code="l">1059-2636</subfield><subfield code="2">1</subfield></datafield><datafield ind1=" " ind2=" " tag="032"><subfield code="a">465480</subfield><subfield code="b">USPS</subfield></datafield><datafield ind1=" " ind2=" " tag="037"><subfield code="b">Daily Journal Corp., 1390 Market St., Suite 910, San Francisco, CA 94102</subfield></datafield><datafield ind1=" " ind2=" " tag="042"><subfield code="a">nsdp</subfield><subfield code="a">pcc</subfield></datafield><datafield ind1="1" ind2="0" tag="082"><subfield code="a">340</subfield><subfield code="2">12</subfield></datafield><datafield ind1="0" ind2=" " tag="130"><subfield code="a">San Francisco daily journal (San Francisco, Calif. : 1990)</subfield></datafield><datafield ind1="0" ind2=" " tag="210"><subfield code="a">San Franc. dly. j.</subfield><subfield code="b">(1990)</subfield></datafield><datafield ind1=" " ind2="0" tag="222"><subfield code="a">San Francisco daily journal</subfield><subfield code="b">(1990)</subfield></datafield><datafield ind1="0" ind2="0" tag="245"><subfield code="a">San Francisco daily journal.</subfield></datafield><datafield ind1=" " ind2=" " tag="260"><subfield code="a">San Francisco, Calif. :</subfield><subfield code="b">Daily Journal Corp.,</subfield><subfield code="c">c1990-</subfield></datafield><datafield ind1=" " ind2=" " tag="300"><subfield code="a">v. :</subfield><subfield code="b">ill. ;</subfield><subfield code="c">56 cm.</subfield></datafield><datafield ind1=" " ind2=" " tag="310"><subfield code="a">Daily (except legal holidays, Saturday, and Sunday),</subfield><subfield code="b">&lt;Sept. 9, 1991-&gt;</subfield></datafield><datafield ind1=" " ind2=" " tag="321"><subfield code="a">Daily (except Saturday and Sunday),</subfield><subfield code="b">&lt;May 22, 1991-&gt;</subfield></datafield><datafield ind1="0" ind2=" " tag="362"><subfield code="a">Vol. 96, no. 102 (May 21 [i.e., May 22], 1990)-</subfield></datafield><datafield ind1=" " ind2=" " tag="580"><subfield code="a">Has supplement: Daily appellate report.</subfield></datafield><datafield ind1=" " ind2=" " tag="530"><subfield code="a">Master negatives are available for duplication from:</subfield><subfield code="b">California Newspaper Microfilm Archive;</subfield><subfield code="c">positive copies may be purchased by the reel; for further information consult the CNMA at:</subfield><subfield code="u">http://cbsr.ucr.edu</subfield></datafield><datafield ind1=" " ind2="0" tag="650"><subfield code="a">Law reports, digests, etc.</subfield><subfield code="z">California.</subfield></datafield><datafield ind1=" " ind2="7" tag="650"><subfield code="a">Law reports, digests, etc.</subfield><subfield code="2">fast</subfield><subfield code="0">(OCoLC)fst00994106</subfield></datafield><datafield ind1=" " ind2="7" tag="651"><subfield code="a">California.</subfield><subfield code="2">fast</subfield><subfield code="0">(OCoLC)fst01204928</subfield></datafield><datafield ind1=" " ind2=" " tag="752"><subfield code="a">United States</subfield><subfield code="b">California</subfield><subfield code="c">San Francisco</subfield><subfield code="d">San Francisco.</subfield></datafield><datafield ind1="1" ind2=" " tag="770"><subfield code="t">Daily appellate report</subfield><subfield code="w">(OCoLC)16531600</subfield></datafield><datafield ind1="0" ind2="0" tag="780"><subfield code="t">San Francisco banner daily journal</subfield><subfield code="w">(OCoLC)16531608</subfield></datafield><datafield ind1=" " ind2=" " tag="936"><subfield code="a">Vol. 97, no. 179 (Sept. 9, 1991) LIC</subfield></datafield></record>